@misc{HaskellDB,
  title = {{HaskellDB}: A library of combinators for generating and executing SQL statements.},
  howpublished = {\url{https://hackage.haskell.org/package/haskelldb}},
  note = {Accessed: 2018-04-03}
}

@Proceedings{DBStates,
title = {Database States in Lazy Functional
Programming Languages: Imperative Update
and Lazy Retrieval},
booktitle = {Proceedings of the Fifth International Workshop on Database
Programming Languages ( Gubbio, Umbria, Italy, 6-8 September 1995)},
editor = {{Professor C.J. van Rijsbergen}},
publisher = Springer,
year = 1995,
howpublished = {\url{http://www.bcs.org/upload/pdf/ewic_dp95_paper14.pdf}},
}

@ARTICLE{QueryLanguageFoundations,
   author = {{Angles}, R. and {Arenas}, M. and {Barcelo}, P. and {Hogan}, A. and 
	{Reutter}, J. and {Vrgoc}, D.},
    title = "{Foundations of Modern Query Languages for Graph Databases; Section 2}",
  journal = {ArXiv e-prints},
archivePrefix = "arXiv",
   eprint = {1610.06264},
 primaryClass = "cs.DB",
 keywords = {Computer Science - Databases},
     year = 2016,
    month = oct,
   adsurl = {http://adsabs.harvard.edu/abs/2016arXiv161006264A},
  note = {Provided by the SAO/NASA Astrophysics Data System}
}

@ARTICLE{QueryLanguageSchema,
   author = {{Angles}, R. and {Arenas}, M. and {Barcelo}, P. and {Hogan}, A. and 
	{Reutter}, J. and {Vrgoc}, D.},
    title = "{Foundations of Modern Query Languages for Graph Databases; Introduction}",
  journal = {ArXiv e-prints},
archivePrefix = "arXiv",
   eprint = {1610.06264},
 primaryClass = "cs.DB",
 keywords = {Computer Science - Databases},
     year = 2016,
    month = oct,
   adsurl = {http://adsabs.harvard.edu/abs/2016arXiv161006264A},
  note = {Provided by the SAO/NASA Astrophysics Data System}
}

@misc{ExceptionMonad,
  title = {Monads for functional programming; Section 2.2},
  author = {P. {Wadler}, {University of Glasgow}},
  howpublished = {\url{https://hackage.haskell.org/package/haskelldb}},
  note = {Accessed: 2018-04-03}
}

@misc{HashJoins,
  title = {Join Processing in Relational Databases; Section 2.3},
  author = {P. {Mishra}, M. H. {Eich}},
  howpublished = {\url{http://www.csd.uoc.gr/~hy460/pdf/p63-mishra.pdf}},
  note = {Accessed: 2018-04-03}
}

@article{CTEs,
author = {Horvat, Manuela and Stuparu, Daniel},
year = {2008},
month = {01},
pages = {},
title = {Common Table Expression - WITH Statement}
}

@misc{TMDB5000,
title = {{TMDB 5000 Movie Dataset}},
howpublished = {\url{https://www.kaggle.com/tmdb/tmdb-movie-metadata}}
}

@misc{IMDB,
title = {{Large IMDB database}},
howpublished = {\url{https://github.com/arangodb/example-datasets/tree/master/Graphs/IMDB}}
}

@misc{UFC,
title = {{UFC Fights Data 1993 - 2/23/2016}},
howpublished = {\url{https://www.kaggle.com/cformey24/ufc-fights-data-1993-2232016}}
}

@ARTICLE{ELGraphExample,
   author = {{Angles}, R. and {Arenas}, M. and {Barcelo}, P. and {Hogan}, A. and 
	{Reutter}, J. and {Vrgoc}, D.},
    title = "{Foundations of Modern Query Languages for Graph Databases; Figure 2}",
  journal = {ArXiv e-prints},
archivePrefix = "arXiv",
   eprint = {1610.06264},
 primaryClass = "cs.DB",
 keywords = {Computer Science - Databases},
     year = 2016,
    month = oct,
   adsurl = {http://adsabs.harvard.edu/abs/2016arXiv161006264A},
  note = {Provided by the SAO/NASA Astrophysics Data System}
}

@ARTICLE{PropertyGraphExample,
   author = {{Angles}, R. and {Arenas}, M. and {Barcelo}, P. and {Hogan}, A. and 
	{Reutter}, J. and {Vrgoc}, D.},
    title = "{Foundations of Modern Query Languages for Graph Databases; Figure 3}",
  journal = {ArXiv e-prints},
archivePrefix = "arXiv",
   eprint = {1610.06264},
 primaryClass = "cs.DB",
 keywords = {Computer Science - Databases},
     year = 2016,
    month = oct,
   adsurl = {http://adsabs.harvard.edu/abs/2016arXiv161006264A},
  note = {Provided by the SAO/NASA Astrophysics Data System}
}